@misc{link_downloading_the_code,
  author = {ArduPilot Dev Team},
  title = {{Downloading the Code / Using Git}},
  howpublished = "\url{http://ardupilot.org/dev/docs/where-to-get-the-code.html#where-to-get-the-code}", 
  note = "[Online; accessed 13-June-2018]"
}

@INPROCEEDINGS{Arystides1994,
  author = {Brayner Arystides and Carlos Santos de Medeiros},
  title = {Incorporação de Tempo em {SGBD} Orientado a Objeto},
  booktitle = {Anais...},
  year = {1995},
  pages = {90--98},
  address = {Petrolina},
  organization = {Simpósio Brasileiro de Banco de Dados},
  publisher = {EMBRAPA},
  conference-number = {13},
  conference-year = {1996},
  conference-location = {Petrolina},
  owner = {ffs},
}

@INPROCEEDINGS{Assenmacher1993,
  author = {Hans Assenmacher and Tedy Breitbach and Paul Buhler and Visk H{\"u}bsch and Robert Schwarz},
  title = {{P}anda},
  booktitle = {Proceedings...},
  year = {1993},
  pages = {361-383},
  address = {Berlin},
  organization = {European Conference on Object-Oriented Programming},
  publisher = {Springer},
  note = {(Lecture Notes in Computer Science, v. 707)},
  conference-number = {7},
  conference-year = {1993},
  conference-location = {Kaiserslautern},
  subtitle = {supporting Distributed Programming in {L}++},
}

@MANUAL{Callaghan1995,
  title = {{NFS} version 3 protocol specification},
  author = {B. Callaghan and B. Pawlowski and P. Staubach},
  organization = {Internet Engineering Task Force, Network Working Group},
  address = {London},
  year = {1995},
  pages = {68},
  pagename = {p.},
  subtitle = {{RFC} 1831},
}

@ARTICLE{Caromel1998,
  author = {D. Caromel and W. Klauser and J. Vayssiere},
  title = {Towards Seamless Computing and Metacomputing in {J}ava},
  journal = {Concurrency in Practice and Experience},
  year = {1998},
  volume = {10},
  number = {11--13},
  pages = {1043--1061},
  month = sep # {/} # nov,
  xpublisher = {Wiley \& Sons},
  xaddress = {West Sussex},
  editor = {Geoffrey C. Fox},
  url = {http://www-sop.inria.fr/\~{}sloop/javall/index.html},
  urlaccessdate = {20 fev. 2000},
}

@INPROCEEDINGS{Joea2003,
  author = {John Gi Joea and Joe Gi John},
  title = {Importance of Coffee in Computer Sciences},
  year = {2003},
  pages = {99--100},
  crossref = {COFFEE2000},
}

@PROCEEDINGS{COFFEE2000,
  title = {Proceedings...},
  year = {2000},
  address = {Java Island},
  publisher = {Java Island Press},
  month = jan,
  organization = {Conference on Coffee Importance},
  conference-number = {1},
  conference-year = {2000},
  conference-location = {Java Island},
  key = {COFFEE},
  booktitle = {Proceedings...},
}

@TECHREPORT{Furmento1995,
  author = {Nathalie Furmento and Yves Roudier and G{\"u}nther Siegel},
  title = {Parall{\'e}lisme et distribution en {C}++},
  year = {1995},
  subtitle = {une Revue des Langages Existants},
  number = {RR~95-02},
  address = {Valbonne},
  note = {(RR~95-02)},
  institution = {I3S, Universit\'{e} de Nice Sophia-Antipolis},
  url = {http://www-sop.inria.br/science/skd.gz},
  urlaccessdate = {29 fev. 2003},
}

@MISC{ITALUS2004,
  title = {ITALUS},
  year = {2004},
  url = {http://www.comp.ita.br/italus/},
  urlaccessdate = {22 jul. 2004},
  subtitle = {grupo de usu{\'a}rios {\LaTeX} do {ITA}},
}

@THESIS{Morgado2003,
  author = {Morgado, M. L. C.},
  title = {Reimplante dentário},
  school = {Faculdade de Odontologia, Universidade Federal do Nananana},
  year = {2003},
  type = {Trabalho de Conclusão de Curso (Especialização do curso)},
  address = {São Paulo},
  owner = {ffs},
}

@THESIS{Patagonios2001,
  author = {Jackson Patagonios},
  title = {Um exemplo de TG},
  school = {Instituto Te{\'o}rico Aeroglifo},
	pages = {98},  
  type = {Trabalho de Conclus{\~a}o de Curso (Gradua{\c{c}}{\~a}o em Engenharia de Computa{\c{c}}{\~a}o)},
	address = {Santa Pindamonhangaba},
	year = {2001},
}

@MASTERSTHESIS{Nascimento1970,
  author = {Edson Arantes do Nascimento},
  title = {An{\'a}lise de curvas curvil{\'\i}neas da trajet{\'o}ria da bola},
  school = {Cosmos University},
  type = {Mestrado em Ci{\^e}ncia do Futebol},
  address = {Cidade do Cabo},
  pages = {36},
  pagename = {f.},
  year = {1971},
  year-presented = {1970},
}

@MASTERSTHESIS{Sbornian2002,
  author = {Wilson Sbornian},
  title = {Um exemplo de disserta{\c{c}}{\~a}o de mestrado},
  school = {Instituto de Alguma Coisa, Universidade Sei L{\'a} de Onde},
  type = {Mestrado em Ci{\^e}ncia da Computa{\c{c}}{\~a}o},
  address = {Santa Pindamonhangaba},
  pages = {98},
  url = {http://www.santapinda.edu/\~{}sbor/dissert.pdf},
  pagename = {f.},
  urlaccessdate = {25 fev. 2002},
  year = {2002},
  year-presented = {2002}
}

@PHDTHESIS{examplephdthesis,
  author = {Roy Thomas Fielding},
  title = {Architectural Styles and the Design of Network-based Software Architectures},
  school = {UNIVERSITY OF CALIFORNIA},
  year = {2000},
  type = {Doctor of Philosophy in Information and Computer Science},
  address = {Irvine, California},
  year-presented = {2004},
}

@PHDTHESIS{royrest,
  author = {Roy Thomas Fielding},
  title = {Architectural Styles and the Design of Network-based Software Architectures},
  school = {University of California},
  year = {2000},
  type = {Doctor of Philosophy in Information and Computer Science},
  address = {Irvine, California},
  year-presented = {2000},
}

@BOOK{blockchainneweconomy,
  title = {Blockchain - Blueprint for a New Economy},
  publisher = {O'Reilly},
  year = {2015},
  author = {Melanie Swan},
  address = {USA - California},
  edition = {1rd},
  xisbn = {9781491920497},
}

@ARTICLE{paper_satoshi,
  author = {Satoshi Nakamoto},
  title = {Bitcoin: A Peer-to-Peer Electronic Cash System},
  year = {2008},
  url = {https://bitcoin.org/bitcoin.pdf},
  urlaccessdate = {28 jul. 2018},
}

@ARTICLE{paper_ethereum,
  author = {Vitalik Buterin},
  title = {A Next-Generation Smart Contract and Decentralized Application Platform},
  year = {2014},
  url = {https://github.com/ethereum/wiki/wiki/White-Paper},
  urlaccessdate = {28 jul. 2018},
}

@BOOK{science_blockchain,
  title = {The Science of the Blockchain},
  publisher = {Inverted Forest},
  year = {2016},
  author = {Roger Wattenhofer},
  edition = {1rd},
  xisbn = {1522751831},
}

@ARTICLE{ethereum_yellow_paper,
  author = {GAVIN WOOD},
  title = {ETHEREUM: A SECURE DECENTRALISED GENERALISED TRANSACTION LEDGER},
  year = {2015},
  url = {https://ethereum.github.io/yellowpaper/paper.pdf},
  urlaccessdate = {28 jul. 2018},
}

@inbook{bitcoin_transaction,
   publisher = {Bicoin Wiki},
   title = {Transaction Bitcoin},
   booktitle = {Bicoin Wiki},
   year = {2018},
   url = {https://en.bitcoin.it/wiki/Transaction},
   urlaccessdate = {28 jul. 2018}
}

@MISC{time_avg_block,
  title = {Average time to mine a block in minutes},
  author = {data.bitcoinity.org},
  year = {2018},
  howpublished = {\url{https://data.bitcoinity.org/bitcoin/block_time/all?f=m10&t=l}},
  urlaccessdate = {29 jul. 2018}
}

@BOOK{building_microservices,
  title = {Building Microservices},
  publisher = {O’Reilly Media},
  year = {2015},
  author = {Sam Newman},
  edition = {1rd},
  xisbn = {9781491950357},
}

@MASTERTHESIS{deployability_bitcoin_bip32,
  author = {Shayan Eskandari},
  title = {Real-world Deployability and
Usability of Bitcoin},
  school = {Concordia University},
  year = {2015},
  type = {Degree of Master of Applied Science},
  address = {Montreal, Quebec, Canada},
  year-presented = {2015}
}

@MASTERTHESIS{fornaro_thesis,
  author = {Daniele FORNARO},
  title = {Elliptic Curve Hierarchical Deterministic
Private Key Sequences: Bitcoin Standards
and Best Practices},
  school = {POLITECNICO DI MILANO},
  year = {2018},
  type = {Degree of Mathematical Engeneering},
  address = {Milano MI, Itália}
}

@ARTICLE{github_bip32,
  author = {Pieter Wuille},
  title = {Hierarchical Deterministic Wallets},
  year = {2012},
  url = {https://github.com/bitcoin/bips/blob/master/bip-0032.mediawiki},
  urlaccessdate = {28 out. 2018},
}

@ARTICLE{github_bip39,
  author = {Marek Palatinus, Pavol Rusnak, Aaron Voisine, Sean Bowe},
  title = {Mnemonic code for generating deterministic keys},
  year = {2013},
  url = {https://github.com/bitcoin/bips/blob/master/bip-0039.mediawiki},
  urlaccessdate = {29 out. 2018},
}

@ARTICLE{secp256k1,
  author = {Daniel R. L. Brown},
  title = {SEC 2: Recommended Elliptic Curve Domain Parameters},
  year = {2010},
  url = {http://www.secg.org/sec2-v2.pdf},
  urlaccessdate = {29 out. 2018},
}

@ARTICLE{hmac,
  author = {Mihir Bellare, Ran Canetti, Hugo Krawczyk},
  title = {Keying Hash Functions for Message Authentication},
  year = {1996},
  url = {https://cseweb.ucsd.edu/~mihir/papers/kmd5.pdf},
  urlaccessdate = {29 out. 2018},
}

@BOOK{aes,
	author = {Joan Daemen and Vincent Rijmen},
 	title = {The Design of Rijndael - AES - the Advanced Encryption Standard},
 	publisher = {Springer},
 	pages = {238},
	year = {2002},
	ISBN = {3-540-42580-2},
    url = {https://autonome-antifa.org/IMG/pdf/Rijndael.pdf},
    urlaccessdate = {30 out. 2018},
}